@inproceedings{social-frag,
  title={Beyond social fragmentation: Coexistence of cultural diversity and structural connectivity is possible with social constituent diversity},
  author={Sayama, Hiroki and Yamanoi, Junichi},
  booktitle={International Conference on Network Science},
  pages={171--181},
  year={2020},
  organization={Springer}
}

@article{sayama2013modeling,
  title={Modeling complex systems with adaptive networks},
  author={Sayama, Hiroki and Pestov, Irene and Schmidt, Jeffrey and Bush, Benjamin James and Wong, Chun and Yamanoi, Junichi and Gross, Thilo},
  journal={Computers \& Mathematics with Applications},
  volume={65},
  number={10},
  pages={1645--1664},
  year={2013},
  publisher={Elsevier}
}

@article{brot2012feedback,
  title={Feedback between node and network dynamics can produce real-world network properties},
  author={Brot, Hilla and Muchnik, Lev and Goldenberg, Jacob and Louzoun, Yoram},
  journal={Physica A: Statistical Mechanics and its Applications},
  volume={391},
  number={24},
  pages={6645--6654},
  year={2012},
  publisher={Elsevier}
}

@techreport{hagberg2008exploring,
  title={Exploring network structure, dynamics, and function using NetworkX},
  author={Hagberg, Aric and Swart, Pieter and S Chult, Daniel},
  year={2008},
  institution={Los Alamos National Lab.(LANL), Los Alamos, NM (United States)}
}